@article{luhn1958automatic,
  title={The Automatic Creation of Literature Abstracts},
  author={Luhn, HP},
  journal={IBM JOURNAL},
  year={1958}
}

@article{wearable_ra,
   author = {Rhodes, Bradley},
   affiliation = {Software Agents Group, MIT Media Laboratory, 02139 Cambridge, MA, USA},
   title = {The wearable remembrance agent: A system for augmented memory},
   journal = {Personal Technologies},
   publisher = {Springer London},
   issn = {0949-2054},
   keyword = {Engineering},
   pages = {218-224},
   volume = {1},
   issue = {4},
   url = {http://dx.doi.org/10.1007/BF01682024},
   note = {10.1007/BF01682024},
   year = {1997}
}

@inproceedings{margin,
 author = {Rhodes, Bradley J.},
 title = {Margin notes: building a contextually aware associative memory},
 booktitle = {Proceedings of the 5th international conference on Intelligent user interfaces},
 series = {IUI '00},
 year = {2000},
 isbn = {1-58113-134-8},
 location = {New Orleans, Louisiana, United States},
 pages = {219--224},
 numpages = {6},
 url = {http://doi.acm.org/10.1145/325737.325850},
 doi = {10.1145/325737.325850},
 acmid = {325850},
 publisher = {ACM},
 address = {New York, NY, USA},
 keywords = {World Wide Web browsers, contextual interfaces, remembrance agents, software agents},
}

@phdthesis{rhodes_phd,
    address = {Cambridge, MA},
    author = {Rhodes, Bradley J.},
    citeulike-article-id = {952317},
    citeulike-linkout-0 = {http://citeseerx.ist.psu.edu/viewdoc/summary?doi=10.1.1.43.4883},
    keywords = {serendipity},
    month = may,
    posted-at = {2006-11-19 22:13:17},
    priority = {2},
    school = {MIT Media Laboratory},
    title = {Just-{I}n-{T}ime {I}nformation {R}etrieval},
    url = {http://citeseerx.ist.psu.edu/viewdoc/summary?doi=10.1.1.43.4883},
    year = {2000}
}

@inproceedings{ra,
  title={Remembrance Agent: A continuously running automated information retrieval system},
  author={Rhodes, B. and Starner, T.},
  booktitle={The Proceedings of The First International Conference on The Practical Application Of Intelligent Agents and Multi Agent Technology},
  pages={487--495},
  year={1996}
}

@article{okapi,
  title={Okapi at TREC-3},
  author={Robertson, S.E. and Walker, S. and Jones, S. and Hancock-Beaulieu, M.M. and Gatford, M.},
  journal={NIST SPECIAL PUBLICATION SP},
  pages={109--109},
  year={1995},
  publisher={NATIONAL INSTIUTE OF STANDARDS \& TECHNOLOGY}
}

@ONLINE{googleSearchEvaluation,
  author={Huffman, S.},
  title={Search evaluation at Google},
  month={September},
  Year={2008},
  url={http://googleblog.blogspot.com/2008/09/search-evaluation-at-google.html}
}

@article{jarvelin2002cumulated,
  title={Cumulated gain-based evaluation of IR techniques},
  author={J{\"a}rvelin, K. and Kek{\"a}l{\"a}inen, J.},
  journal={ACM Transactions on Information Systems (TOIS)},
  volume={20},
  number={4},
  pages={422--446},
  year={2002},
  publisher={ACM}
}

@article{salton1975vector,
  title={A vector space model for automatic indexing},
  author={Salton, G. and Wong, A. and Yang, C.S.},
  journal={Communications of the ACM},
  volume={18},
  number={11},
  pages={613--620},
  year={1975},
  publisher={ACM}
}


@article{page1999pagerank,
  title={The PageRank citation ranking: bringing order to the web.},
  author={Page, L. and Brin, S. and Motwani, R. and Winograd, T.},
  year={1999},
  publisher={Stanford InfoLab}
}
